<record><leader>00000cas a22000007a 4500</leader><controlfield tag="001">276760858</controlfield><controlfield tag="008">081201c20009999gauir ne      0    0eng d</controlfield><datafield ind1=" " ind2=" " tag="010"><subfield code="a">  2008266905</subfield></datafield><datafield ind1=" " ind2=" " tag="040"><subfield code="a">GUA</subfield><subfield code="b">eng</subfield><subfield code="c">GUA</subfield><subfield code="d">GUA</subfield><subfield code="d">OCLCQ</subfield><subfield code="d">OCLCF</subfield><subfield code="d">OCLCO</subfield></datafield><datafield ind1=" " ind2=" " tag="042"><subfield code="a">msc</subfield></datafield><datafield ind1=" " ind2=" " tag="043"><subfield code="a">n-us-ga</subfield></datafield><datafield ind1="0" ind2=" " tag="130"><subfield code="a">Thomaston times (Thomaston, Ga : 2000)</subfield></datafield><datafield ind1="1" ind2="4" tag="245"><subfield code="a">The Thomaston times.</subfield></datafield><datafield ind1=" " ind2=" " tag="260"><subfield code="a">Thomaston, GA :</subfield><subfield code="b">Thomaston Pub. Co.</subfield></datafield><datafield ind1=" " ind2=" " tag="300"><subfield code="a">v.</subfield></datafield><datafield ind1=" " ind2=" " tag="310"><subfield code="a">Three times a week</subfield></datafield><datafield ind1="1" ind2=" " tag="362"><subfield code="a">Began with v. 132, no. 101 (Aug. 23, 2000).</subfield></datafield><datafield ind1=" " ind2=" " tag="530"><subfield code="a">Also on microfilm: Athens, Ga. : University of Georgia Libraries.</subfield></datafield><datafield ind1=" " ind2=" " tag="588"><subfield code="a">Description based on: Vol. 132, no. 101 (Aug. 23, 2000).</subfield></datafield><datafield ind1=" " ind2=" " tag="588"><subfield code="a">Latest issue consulted: Vol. 135, no. 156 (Dec. 31, 2003).</subfield></datafield><datafield ind1=" " ind2="0" tag="651"><subfield code="a">Thomaston (Ga.)</subfield><subfield code="v">Newspapers.</subfield></datafield><datafield ind1=" " ind2="0" tag="651"><subfield code="a">Upson County (Ga.)</subfield><subfield code="v">Newspapers.</subfield></datafield><datafield ind1=" " ind2="7" tag="655"><subfield code="a">Newspapers.</subfield><subfield code="2">fast</subfield><subfield code="0">(OCoLC)fst01423814</subfield></datafield><datafield ind1=" " ind2="7" tag="651"><subfield code="a">Georgia</subfield><subfield code="z">Thomaston.</subfield><subfield code="2">fast</subfield><subfield code="0">(OCoLC)fst01217819</subfield></datafield><datafield ind1=" " ind2="7" tag="651"><subfield code="a">Georgia</subfield><subfield code="z">Upson County.</subfield><subfield code="2">fast</subfield><subfield code="0">(OCoLC)fst01213842</subfield></datafield><datafield ind1=" " ind2=" " tag="752"><subfield code="a">United States</subfield><subfield code="b">Georgia</subfield><subfield code="c">Upson.</subfield><subfield code="d">Tomaston.</subfield></datafield><datafield ind1="0" ind2="0" tag="780"><subfield code="t">Thomaston times and the free press</subfield><subfield code="w">(DLC)sn 89053345</subfield><subfield code="w">(OCoLC)19334376</subfield></datafield></record>